@article{1,
author = {Rauf, Abdul},
year = {2020},
month = {05},
pages = {},
title = {How is Technology Helping to Fight Coronavirus?}
}
@techreport{2,
  title={Overview of public health and social measures in the context of COVID-19: interim guidance, 18 May 2020},
  author={World Health Organization and others},
  year={2020},
  institution={World Health Organization}
}
@article{3,
  title={Evaluating the effectiveness of social distancing interventions to delay or flatten the epidemic curve of coronavirus disease},
  author={Matrajt, Laura and Leung, Tiffany},
  journal={Emerging infectious diseases},
  volume={26},
  number={8},
  pages={1740},
  year={2020},
  publisher={Centers for Disease Control and Prevention}
}
@article{4,
  title={Inactivation of SARS-CoV-2 by commercially available alcohol-based hand sanitizers},
  author={Leslie, Rachel A and Zhou, S Steve and Macinga, David R},
  journal={American Journal of Infection Control},
  year={2020},
  publisher={Elsevier}
}
@article{5,
  title={Population agglomeration is a harbinger of the spatial complexity of COVID-19},
  author={Geng, Xiaolong and Gerges, Firas and Katul, Gabriel G and Bou-Zeid, Elie and Nassif, Hani and Boufadel, Michel C},
  journal={Chemical Engineering Journal},
  pages={127702},
  year={2020},
  publisher={Elsevier}
}
@book{6,
  title={protocolo para prevenção do coronavírus (covid-19) nos supermercados_2020},
  author={ABRAS Brasil},
  edition={5},
  url={http://static.abras.com.br/pdf/protocolo-abras-covid-19-v5.pdf},
  year={2020}
}
@article{7,
  title={Why outbreaks like coronavirus spread exponentially, and how to “flatten the curve”},
  author={Stevens, H},
  journal={Washington Post},
  volume={14},
  year={2020}
}
@article{8,
  title={Inactivation of SARS-CoV-2 by commercially available alcohol-based hand sanitizers},
  author={Leslie, Rachel A and Zhou, S Steve and Macinga, David R},
  journal={American Journal of Infection Control},
  year={2020},
  publisher={Elsevier}
}